% This file was created with JabRef 2.9.2.
% Encoding: Cp1252

@MISC{official-about-python,
  title = {Official Python site - About page},
  year = {2013},
  owner = {kyllesdk},
  timestamp = {2013.02.17}
}

